@ONLINE {intel2016,
    author = "Intel",
    title  = "PingPong, PingPongSpecificSource, PingPongAnySource",
    year   = "2016",
    url    = "https://software.intel.com/en-us/node/561902"
}

@ONLINE {hpl2016,
    author = "Antoine Petitet and Clint Whaley and Jack Dongarra and Andy Cleary",
    title  = "HPL - A Portable Implementation of the High-Performance Linpack Benchmark for Distributed-Memory Computers",
    month  = 2,
    year   = "2016",
    url    = "http://www.netlib.org/benchmark/hpl/"
}
